<record><leader>00000cas a22000007a 4500</leader><controlfield tag="001">12922140</controlfield><controlfield tag="008">851216d18681873wiuwr ne      0    0eng c</controlfield><datafield ind1=" " ind2=" " tag="010"><subfield code="a">sn 85041589 </subfield></datafield><datafield ind1=" " ind2=" " tag="040"><subfield code="a">NPV</subfield><subfield code="b">eng</subfield><subfield code="c">NPV</subfield><subfield code="d">DLC</subfield><subfield code="d">NPV</subfield><subfield code="d">CNK</subfield><subfield code="d">DLC</subfield><subfield code="d">OCLCQ</subfield><subfield code="d">OCLCF</subfield></datafield><datafield ind1="1" ind2=" " tag="029"><subfield code="a">AU@</subfield><subfield code="b">000025816626</subfield></datafield><datafield ind1=" " ind2=" " tag="042"><subfield code="a">pcc</subfield></datafield><datafield ind1=" " ind2=" " tag="043"><subfield code="a">n-us-wi</subfield></datafield><datafield ind1="0" ind2="0" tag="050"><subfield code="a">Newspaper 10280</subfield></datafield><datafield ind1="0" ind2="4" tag="245"><subfield code="a">The Oshkosh journal.</subfield></datafield><datafield ind1=" " ind2=" " tag="260"><subfield code="a">Oshkosh, Wis. :</subfield><subfield code="b">H.E. Rounds &amp; H. Morley,</subfield><subfield code="c">1868-1873.</subfield></datafield><datafield ind1=" " ind2=" " tag="300"><subfield code="a">5 v. :</subfield><subfield code="b">ill. (chiefly advertisements)</subfield></datafield><datafield ind1=" " ind2=" " tag="310"><subfield code="a">Weekly</subfield></datafield><datafield ind1="0" ind2=" " tag="362"><subfield code="a">Vol. 1, no. 1 (Aug. 8, 1868)-v. 1, no. 52 (July 31, 1869); v. 2, no. 1 (Aug. 7, 1869)-v. 5, no. 36 (Apr. 12, 1873) = Whole no. 53-whole no. 244.</subfield></datafield><datafield ind1=" " ind2="0" tag="651"><subfield code="a">Oshkosh (Wis.)</subfield><subfield code="v">Newspapers.</subfield></datafield><datafield ind1=" " ind2="7" tag="655"><subfield code="a">Newspapers.</subfield><subfield code="2">fast</subfield><subfield code="0">(OCoLC)fst01423814</subfield></datafield><datafield ind1=" " ind2="7" tag="651"><subfield code="a">Wisconsin</subfield><subfield code="z">Oshkosh.</subfield><subfield code="2">fast</subfield><subfield code="0">(OCoLC)fst01216502</subfield></datafield><datafield ind1=" " ind2=" " tag="752"><subfield code="a">United States</subfield><subfield code="b">Wisconsin</subfield><subfield code="c">Winnebago</subfield><subfield code="d">Oshkosh.</subfield></datafield><datafield ind1="0" ind2="7" tag="785"><subfield code="t">Northwestern (Oshkosh, Wis. : 1860)</subfield><subfield code="w">(DLC)sn 85041590</subfield></datafield><datafield ind1="0" ind2="7" tag="785"><subfield code="t">Northwestern and Oshkosh journal</subfield><subfield code="w">(DLC)sn 85041591</subfield></datafield></record>